@inproceedings{Pey17,
  author    = {Simon {Peyton Jones}},
  title     = {How to Write a Great Research Paper},
  booktitle = {2017 Imperial College Computing Student Workshop, {ICCSW} 2017, September
               26-27, 2017, London, {UK}},
  pages     = {1:1--1:1},
  year      = {2017},    
  
}

@book{Wil09,
  title={Style: the basics of clarity and grace},
  author={Williams, Joseph M and Bizup, Joseph},
  year={2009},
  publisher={Pearson Longman}
}

@book{Pin15,
  title={The sense of style: The thinking person's guide to writing in the 21st century},
  author={Pinker, Steven},
  year={2015},
  publisher={Penguin Books}
}

@book{StrWhi07,
  title={The Elements of style},
  author={Strunk, William and Whyte, EB},
  year={2007},
  publisher={Penguin}
}

@book{Von80,
  title={How to write with style},
  author={Vonnegut, Kurt},
  year={1980},
  publisher={International Paper Company}
}

@book{ferrari1995procrastination,
  title={Procrastination and task avoidance: Theory, research, and treatment},
  author={Ferrari, Joseph R and Johnson, Judith L and McCown, William G},
  year={1995},
  publisher={Springer Science \& Business Media}
}

@article{bakar2016relationships,
  title={Relationships between self-efficacy and the academic procrastination behaviour among university students in Malaysia: A general perspective},
  author={Bakar, Zainudin Abu and Khan, Muhammad Umar},
  journal={Journal of Education and Learning (EduLearn)},
  volume={10},
  number={3},
  pages={265--274},
  year={2016}
}

@article{buehler2002inside,
  title={Inside the planning fallacy: The causes and consequences of optimistic time predictions},
  author={Buehler, Roger and Griffin, Dale and Ross, Michael},
  journal={Heuristics and biases: The psychology of intuitive judgment},
  pages={250--270},
  year={2002}
}

@article{article,
author = {Steel, Piers and Brothen, Thomas and Wambach, Catherine},
year = {2001},
month = {01},
pages = {95-106},
title = {Procrastination and personality, performance, and mood},
volume = {30},
journal = {Personality and Individual Differences},
doi = {10.1016/S0191-8869(00)00013-1}
}

@article{macan1990college,
  title={College students' time management: Correlations with academic performance and stress.},
  author={Macan, Therese H and Shahani, Comila and Dipboye, Robert L and Phillips, Amanda P},
  journal={Journal of educational psychology},
  volume={82},
  number={4},
  pages={760},
  year={1990},
  publisher={American Psychological Association}
}
@article{article2,
author = {Harriott, Jesse and Ferrari, Joseph},
year = {1996},
month = {04},
pages = {611-616},
title = {Prevalence of Procrastination among Samples of Adults},
volume = {78},
journal = {Psychological Reports},
doi = {10.2466/pr0.1996.78.2.611}
}

@article{kasper2004tax,
  title={Tax procrastination: Survey finds 29\% have yet to begin taxes},
  author={Kasper, G},
  journal={Retrieved March},
  volume={14},
  pages={20013},
  year={2004}
}
@article{knaus1973overcoming,
  title={Overcoming procrastination.},
  author={Knaus, William J},
  journal={Rational Living},
  year={1973},
  publisher={Springer}
}
@article{tice1997longitudinal,
  title={Longitudinal study of procrastination, performance, stress, and health: The costs and benefits of dawdling},
  author={Tice, Dianne M and Baumeister, Roy F},
  journal={Psychological science},
  volume={8},
  number={6},
  pages={454--458},
  year={1997},
  publisher={SAGE Publications Sage CA: Los Angeles, CA}
}

@article{morris1990community,
  title={Community cholesterol screening: Medical follow-up in subjects identified with high plasma cholesterol levels},
  author={Morris, Cynthia D and Menashe, Victor D and Anderson, Peter H and Malinow, M Rene and Illingworth, D Roger},
  journal={Preventive medicine},
  volume={19},
  number={5},
  pages={493--501},
  year={1990},
  publisher={Elsevier}
}
@article{white1994conflict,
  title={Is the conflict model of decision making applicable to the decision to be screened for cervical cancer? A field study},
  author={White, Victoria M and Wearing, Alexander J and Hill, David J},
  journal={Journal of Behavioral Decision Making},
  volume={7},
  number={1},
  pages={57--72},
  year={1994},
  publisher={Wiley Online Library}
}
@article{kim2021effects,
  title={Effects of gamification on behavioral change in education: A meta-analysis},
  author={Kim, Jihoon and Castelli, Darla M},
  journal={International Journal of Environmental Research and Public Health},
  volume={18},
  number={7},
  pages={3550},
  year={2021},
  publisher={MDPI}
}

@article{al2022gaming,
  title={Gaming elements, applications, and challenges of gamification in healthcare},
  author={Al-Rayes, Saja and Al Yaqoub, Fatemah Ali and Alfayez, Asma and Alsalman, Demah and Alanezi, Fahad and Alyousef, Seham and AlNujaidi, Heba and Al-Saif, Atheer K and Attar, Razaz and Aljabri, Duaa and others},
  journal={Informatics in Medicine Unlocked},
  volume={31},
  pages={100974},
  year={2022},
  publisher={Elsevier}
}

@article{lay1993trait,
  title={Trait procrastination, time management},
  author={Lay, Clarry H and Schouwenburg, Henri C},
  journal={Journal of social Behavior and personality},
  volume={8},
  number={4},
  pages={647--662},
  year={1993}
}
@article{steel2007nature,
  title={The nature of procrastination: a meta-analytic and theoretical review of quintessential self-regulatory failure.},
  author={Steel, Piers},
  journal={Psychological bulletin},
  volume={133},
  number={1},
  pages={65},
  year={2007},
  publisher={American Psychological Association}
}

@article{bandura1986social,
  title={Social foundations of thought and action},
  author={Bandura, Albert and others},
  journal={Englewood Cliffs, NJ},
  volume={1986},
  number={23-28},
  pages={2},
  year={1986}
}

@book{locke1990theory,
  title={A theory of goal setting \& task performance.},
  author={Locke, Edwin A and Latham, Gary P},
  year={1990},
  publisher={Prentice-Hall, Inc}
}

@article{kim2021effects,
  title={Effects of gamification on behavioral change in education: A meta-analysis},
  author={Kim, Jihoon and Castelli, Darla M},
  journal={International Journal of Environmental Research and Public Health},
  volume={18},
  number={7},
  pages={3550},
  year={2021},
  publisher={MDPI}
}
@inproceedings{toda2017dark,
  title={The dark side of gamification: An overview of negative effects of gamification in education},
  author={Toda, Armando M and Valle, Pedro HD and Isotani, Seiji},
  booktitle={Researcher links workshop: higher education for all},
  pages={143--156},
  year={2017},
  organization={Springer}
}

@article{ryan2000intrinsic,
  title={Intrinsic and extrinsic motivations: Classic definitions and new directions},
  author={Ryan, Richard M and Deci, Edward L},
  journal={Contemporary educational psychology},
  volume={25},
  number={1},
  pages={54--67},
  year={2000},
  publisher={Elsevier}
}
@article{lepper1973undermining,
  title={Undermining children's intrinsic interest with extrinsic reward: A test of the" overjustification" hypothesis.},
  author={Lepper, Mark R and Greene, David and Nisbett, Richard E},
  journal={Journal of Personality and social Psychology},
  volume={28},
  number={1},
  pages={129},
  year={1973},
  publisher={American Psychological Association}
}

@article{fanfarelli2015individual,
  title={Individual differences in digital badging: Do learner characteristics matter?},
  author={Fanfarelli, Joseph R and McDaniel, Rudy},
  journal={Journal of Educational Technology Systems},
  volume={43},
  number={4},
  pages={403--428},
  year={2015},
  publisher={SAGE Publications Sage CA: Los Angeles, CA}
}

@article{deci1999meta,
  title={A meta-analytic review of experiments examining the effects of extrinsic rewards on intrinsic motivation.},
  author={Deci, Edward L and Koestner, Richard and Ryan, Richard M},
  journal={Psychological bulletin},
  volume={125},
  number={6},
  pages={627},
  year={1999},
  publisher={American Psychological Association}
}
@article{peterson2006impact,
  title={The impact of financial and nonfinancial incentives on business-unit outcomes over time.},
  author={Peterson, Suzanne J and Luthans, Fred},
  journal={Journal of applied Psychology},
  volume={91},
  number={1},
  pages={156},
  year={2006},
  publisher={American Psychological Association}
}
@article{huotari2017definition,
  title={A definition for gamification: anchoring gamification in the service marketing literature},
  author={Huotari, Kai and Hamari, Juho},
  journal={Electronic markets},
  volume={27},
  number={1},
  pages={21--31},
  year={2017},
  publisher={Springer}
}

@article{su2015mobile,
  title={A mobile gamification learning system for improving the learning motivation and achievements},
  author={Su, C-H and Cheng, C-H},
  journal={Journal of Computer Assisted Learning},
  volume={31},
  number={3},
  pages={268--286},
  year={2015},
  publisher={Wiley Online Library}
}

@inproceedings{muntean2011raising,
  title={Raising engagement in e-learning through gamification},
  author={Muntean, Cristina Ioana},
  booktitle={Proc. 6th international conference on virtual learning ICVL},
  volume={1},
  pages={323--329},
  year={2011}
}
@inproceedings{camilleri2017students,
  title={The students' perceptions of digital game-based learning},
  author={Camilleri, Mark Anthony and Camilleri, Adriana Caterina},
  booktitle={European Conference on Games Based Learning},
  pages={56--62},
  year={2017},
  organization={Academic Conferences International Limited}
}
@book{kapp2012gamification,
  title={The gamification of learning and instruction: game-based methods and strategies for training and education},
  author={Kapp, Karl M},
  year={2012},
  publisher={John Wiley \& Sons}
}

@article{landers2014empirical,
  title={An empirical test of the theory of gamified learning: The effect of leaderboards on time-on-task and academic performance},
  author={Landers, Richard N and Landers, Amy K},
  journal={Simulation \& Gaming},
  volume={45},
  number={6},
  pages={769--785},
  year={2014},
  publisher={SAGE Publications Sage CA: Los Angeles, CA}
}

@article{hanus2015assessing,
  title={Assessing the effects of gamification in the classroom: A longitudinal study on intrinsic motivation, social comparison, satisfaction, effort, and academic performance},
  author={Hanus, Michael D and Fox, Jesse},
  journal={Computers \& education},
  volume={80},
  pages={152--161},
  year={2015},
  publisher={Elsevier}
}
@article{dominguez2013gamifying,
  title={Gamifying learning experiences: Practical implications and outcomes},
  author={Dom{\'\i}nguez, Adri{\'a}n and Saenz-de-Navarrete, Joseba and De-Marcos, Luis and Fern{\'a}ndez-Sanz, Luis and Pag{\'e}s, Carmen and Mart{\'\i}nez-Herr{\'a}iz, Jos{\'e}-Javier},
  journal={Computers \& education},
  volume={63},
  pages={380--392},
  year={2013},
  publisher={Elsevier}
}

@article{attali2015gamification,
  title={Gamification in assessment: Do points affect test performance?},
  author={Attali, Yigal and Arieli-Attali, Meirav},
  journal={Computers \& education},
  volume={83},
  pages={57--63},
  year={2015},
  publisher={Elsevier}
}

@article{hamari2015working,
  title={“Working out for likes”: An empirical study on social influence in exercise gamification},
  author={Hamari, Juho and Koivisto, Jonna},
  journal={Computers in human behavior},
  volume={50},
  pages={333--347},
  year={2015},
  publisher={Elsevier}
}
@article{filsecker2014multilevel,
  title={A multilevel analysis of the effects of external rewards on elementary students' motivation, engagement and learning in an educational game},
  author={Filsecker, Michael and Hickey, Daniel Thomas},
  journal={Computers \& Education},
  volume={75},
  pages={136--148},
  year={2014},
  publisher={Elsevier}
}
@article{schoech2013gamification,
  title={Gamification for behavior change: Lessons from developing a social, multiuser, web-tablet based prevention game for youths},
  author={Schoech, Dick and Boyas, Javier F and Black, Beverly M and Elias-Lambert, Nada},
  journal={Journal of Technology in Human Services},
  volume={31},
  number={3},
  pages={197--217},
  year={2013},
  publisher={Taylor \& Francis}
}

@article{cameron1994reinforcement,
  title={Reinforcement, reward, and intrinsic motivation: A meta-analysis},
  author={Cameron, Judy and Pierce, W David},
  journal={Review of Educational research},
  volume={64},
  number={3},
  pages={363--423},
  year={1994},
  publisher={Sage Publications Sage CA: Thousand Oaks, CA}
}
@article{ferster1957schedules,
  title={Schedules of reinforcement.},
  author={Ferster, Charles B and Skinner, Burrhus Frederic},
  year={1957},
  publisher={Appleton-Century-Crofts}
}

@article{schunk2014motivation,
  title={Motivation in education: Theory, research, and applications},
  author={Schunk, Dale H and Pintrich, Paul R and Meece, Judith L},
  journal={(No Title)},
  year={2014}
}
@inproceedings{hamari2014does,
  title={Does gamification work?--a literature review of empirical studies on gamification},
  author={Hamari, Juho and Koivisto, Jonna and Sarsa, Harri},
  booktitle={2014 47th Hawaii international conference on system sciences},
  pages={3025--3034},
  year={2014},
  organization={Ieee}
}

@article{dizon2021effects,
  title={The effects of pomodoro technique on academic-related tasks, procrastination behavior, and academic motivation among college students in a mixed online learning environment},
  author={Dizon, RJ and Ermitanio, HD and Estevez, DM and Ferrer, J and Flores, SJ and Fontanilla, KM and Frias, A and Galang, E and Guei, NF and Sugay, Dr J},
  journal={Globus Journal of Progressive Education},
  volume={11},
  pages={58--63},
  year={2021}
}

@incollection{Orw68,
  title={Politics and the {English} language},
  author={Orwell, George},
  booktitle={The collected essays, journalism and letters of George Orwell},
  pages={127--140},
  year={1968},
  publisher={Harcourt, Brace, Javanovich}
}